@article{hornik1991approximation,
  title={Approximation capabilities of multilayer feedforward networks},
  author={Hornik, Kurt},
  journal={Neural networks},
  volume={4},
  number={2},
  pages={251--257},
  year={1991},
  publisher={Elsevier}
}

@article{hornik1989multilayer,
  title={Multilayer feedforward networks are universal approximators},
  author={Hornik, Kurt and Stinchcombe, Maxwell and White, Halbert},
  journal={Neural networks},
  volume={2},
  number={5},
  pages={359--366},
  year={1989},
  publisher={Elsevier}
}

@article{hornik1990universal,
  title={Universal approximation of an unknown mapping and its derivatives using multilayer feedforward networks},
  author={Hornik, Kurt and Stinchcombe, Maxwell and White, Halbert},
  journal={Neural networks},
  volume={3},
  number={5},
  pages={551--560},
  year={1990},
  publisher={Elsevier}
}

@article{beavers1967boundary,
  title={Boundary conditions at a naturally permeable wall},
  author={Beavers, Gordon S and Joseph, Daniel D},
  journal={Journal of fluid mechanics},
  volume={30},
  number={1},
  pages={197--207},
  year={1967},
  publisher={Cambridge University Press}
}

@article{salinger1994finite,
  title={Finite element formulations for large-scale, coupled flows in adjacent porous and open fluid domains},
  author={Salinger, Andrew G and Aris, Rutherford and Derby, Jeffrey J},
  journal={International Journal for Numerical Methods in Fluids},
  volume={18},
  number={12},
  pages={1185--1209},
  year={1994},
  publisher={Wiley Online Library}
}

@article{feng2012non,
  title={Non-iterative domain decomposition methods for a non-stationary Stokes--Darcy model with Beavers--Joseph interface condition},
  author={Feng, Wenqiang and He, Xiaoming and Wang, Zhu and Zhang, Xu},
  journal={Applied Mathematics and Computation},
  volume={219},
  number={2},
  pages={453--463},
  year={2012},
  publisher={Elsevier}
}

@article{sun2021domain,
  title={Domain decomposition method for the fully-mixed Stokes--Darcy coupled problem},
  author={Sun, Yizhong and Sun, Weiwei and Zheng, Haibiao},
  journal={Computer Methods in Applied Mechanics and Engineering},
  volume={374},
  pages={113578},
  year={2021},
  publisher={Elsevier}
}

@article{qiu2020domain,
  title={A domain decomposition method for the time-dependent Navier-Stokes-Darcy model with Beavers-Joseph interface condition and defective boundary condition},
  author={Qiu, Changxin and He, Xiaoming and Li, Jian and Lin, Yanping},
  journal={Journal of Computational Physics},
  volume={411},
  pages={109400},
  year={2020},
  publisher={Elsevier}
}

@article{jia2017decoupling,
  title={A DECOUPLING METHOD WITH DIFFERENT SUBDOMAIN TIME STEPS FOR THE NON-STATIONARY NAVIER-STOKES/DARCY MODEL.},
  author={Jia, Huiyong and Shi, Peilin and Li, Kaitai and Jia, Hongen},
  journal={Journal of Computational Mathematics},
  volume={35},
  number={3},
  year={2017}
}

@article{shan2013partitioned,
  title={Partitioned time stepping method for fully evolutionary Stokes--Darcy flow with Beavers--Joseph interface conditions},
  author={Shan, Li and Zheng, Haibiao},
  journal={SIAM Journal on Numerical Analysis},
  volume={51},
  number={2},
  pages={813--839},
  year={2013},
  publisher={SIAM}
}

@article{yu2019two,
  title={Two-grid finite element method for the stabilization of mixed Stokes-Darcy model},
  author={Yu, Jiaping and Zheng, Haibiao and Shi, Feng and Zhao, Ren},
  journal={Discrete \& Continuous Dynamical Systems-B},
  volume={24},
  number={1},
  pages={387},
  year={2019},
  publisher={American Institute of Mathematical Sciences}
}

@mastersthesis{李恒2020stokes,
  title={Stokes-Darcy 耦合问题基于区域分解的两重网格算法研究},
  author={李恒},
  year={2020},
  school={华东师范大学}
}

@phdthesis{沈宇晶2014navier,
  title={Navier-Stokes/Darcy 多区域耦合问题的多重网格方法},
  author={沈宇晶},
  year={2014},
  school={浙江大学}
}

@article{cai2012multilevel,
  title={A multilevel decoupled method for a mixed Stokes/Darcy model},
  author={Cai, Mingchao and Mu, Mo},
  journal={Journal of computational and applied mathematics},
  volume={236},
  number={9},
  pages={2452--2465},
  year={2012},
  publisher={Elsevier}
}

@article{saffman1971boundary,
  title={On the boundary condition at the surface of a porous medium},
  author={Saffman, Philip Geoffrey},
  journal={Studies in applied mathematics},
  volume={50},
  number={2},
  pages={93--101},
  year={1971},
  publisher={Wiley Online Library}
}

@article{wang2017comprehensive,
  title={A comprehensive physics-informed machine learning framework for predictive turbulence modeling},
  author={Wang, Jian-Xun and Wu, Jinlong and Ling, Julia and Iaccarino, Gianluca and Xiao, Heng},
  journal={arXiv preprint arXiv:1701.07102},
  year={2017}
}

@article{han2018solving,
  title={Solving high-dimensional partial differential equations using deep learning},
  author={Han, Jiequn and Jentzen, Arnulf and Weinan, E},
  journal={Proceedings of the National Academy of Sciences},
  volume={115},
  number={34},
  pages={8505--8510},
  year={2018},
  publisher={National Acad Sciences}
}

@article{tripathy2018deep,
  title={Deep UQ: Learning deep neural network surrogate models for high dimensional uncertainty quantification},
  author={Tripathy, Rohit K and Bilionis, Ilias},
  journal={Journal of computational physics},
  volume={375},
  pages={565--588},
  year={2018},
  publisher={Elsevier}
}

@article{vlachas2018data,
  title={Data-driven forecasting of high-dimensional chaotic systems with long short-term memory networks},
  author={Vlachas, Pantelis R and Byeon, Wonmin and Wan, Zhong Y and Sapsis, Themistoklis P and Koumoutsakos, Petros},
  journal={Proceedings of the Royal Society A: Mathematical, Physical and Engineering Sciences},
  volume={474},
  number={2213},
  pages={20170844},
  year={2018},
  publisher={The Royal Society Publishing}
}

@article{raissi2019physics,
  title={Physics-informed neural networks: A deep learning framework for solving forward and inverse problems involving nonlinear partial differential equations},
  author={Raissi, Maziar and Perdikaris, Paris and Karniadakis, George E},
  journal={Journal of Computational physics},
  volume={378},
  pages={686--707},
  year={2019},
  publisher={Elsevier}
}

@article{pang2019fpinns,
  title={fPINNs: Fractional physics-informed neural networks},
  author={Pang, Guofei and Lu, Lu and Karniadakis, George Em},
  journal={SIAM Journal on Scientific Computing},
  volume={41},
  number={4},
  pages={A2603--A2626},
  year={2019},
  publisher={SIAM}
}

@article{meng2020ppinn,
  title={PPINN: Parareal physics-informed neural network for time-dependent PDEs},
  author={Meng, Xuhui and Li, Zhen and Zhang, Dongkun and Karniadakis, George Em},
  journal={Computer Methods in Applied Mechanics and Engineering},
  volume={370},
  pages={113250},
  year={2020},
  publisher={Elsevier}
}

@article{kharazmi2019variational,
  title={Variational physics-informed neural networks for solving partial differential equations},
  author={Kharazmi, Ehsan and Zhang, Zhongqiang and Karniadakis, George Em},
  journal={arXiv preprint arXiv:1912.00873},
  year={2019}
}

@article{raissi2020hidden,
  title={Hidden fluid mechanics: Learning velocity and pressure fields from flow visualizations},
  author={Raissi, Maziar and Yazdani, Alireza and Karniadakis, George Em},
  journal={Science},
  volume={367},
  number={6481},
  pages={1026--1030},
  year={2020},
  publisher={American Association for the Advancement of Science}
}

@article{mao2020physics,
  title={Physics-informed neural networks for high-speed flows},
  author={Mao, Zhiping and Jagtap, Ameya D and Karniadakis, George Em},
  journal={Computer Methods in Applied Mechanics and Engineering},
  volume={360},
  pages={112789},
  year={2020},
  publisher={Elsevier}
}

@article{jin2021nsfnets,
  title={NSFnets (Navier-Stokes flow nets): Physics-informed neural networks for the incompressible Navier-Stokes equations},
  author={Jin, Xiaowei and Cai, Shengze and Li, Hui and Karniadakis, George Em},
  journal={Journal of Computational Physics},
  volume={426},
  pages={109951},
  year={2021},
  publisher={Elsevier}
}

@inproceedings{misyris2020physics,
  title={Physics-informed neural networks for power systems},
  author={Misyris, George S and Venzke, Andreas and Chatzivasileiadis, Spyros},
  booktitle={2020 IEEE Power \& Energy Society General Meeting (PESGM)},
  pages={1--5},
  year={2020},
  organization={IEEE}
}

@article{wang2022and,
  title={When and why PINNs fail to train: A neural tangent kernel perspective},
  author={Wang, Sifan and Yu, Xinling and Perdikaris, Paris},
  journal={Journal of Computational Physics},
  volume={449},
  pages={110768},
  year={2022},
  publisher={Elsevier}
}

@article{jagtap2020adaptive,
  title={Adaptive activation functions accelerate convergence in deep and physics-informed neural networks},
  author={Jagtap, Ameya D and Kawaguchi, Kenji and Karniadakis, George Em},
  journal={Journal of Computational Physics},
  volume={404},
  pages={109136},
  year={2020},
  publisher={Elsevier}
}

@article{jagtap2020locally,
  title={Locally adaptive activation functions with slope recovery for deep and physics-informed neural networks},
  author={Jagtap, Ameya D and Kawaguchi, Kenji and Em Karniadakis, George},
  journal={Proceedings of the Royal Society A},
  volume={476},
  number={2239},
  pages={20200334},
  year={2020},
  publisher={The Royal Society}
}

@article{mishra2022estimates,
  title={Estimates on the generalization error of physics-informed neural networks for approximating PDEs},
  author={Mishra, Siddhartha and Molinaro, Roberto},
  journal={IMA Journal of Numerical Analysis},
  year={2022}
}

@article{mishra2022estimates_inv,
  title={Estimates on the generalization error of physics-informed neural networks for approximating a class of inverse problems for PDEs},
  author={Mishra, Siddhartha and Molinaro, Roberto},
  journal={IMA Journal of Numerical Analysis},
  volume={42},
  number={2},
  pages={981--1022},
  year={2022},
  publisher={Oxford University Press}
}

@article{de2022error,
  title={Error estimates for physics informed neural networks approximating the Navier-Stokes equations},
  author={De Ryck, Tim and Jagtap, Ameya D and Mishra, Siddhartha},
  journal={arXiv preprint arXiv:2203.09346},
  year={2022}
}

@article{de2021error_k,
  title={Error analysis for physics informed neural networks (PINNs) approximating Kolmogorov PDEs},
  author={De Ryck, Tim and Mishra, Siddhartha},
  journal={arXiv preprint arXiv:2106.14473},
  year={2021}
}

@article{shin2020convergence,
  title={On the convergence and generalization of physics informed neural networks},
  author={Shin, Yeonjong and Darbon, Jerome and Karniadakis, George Em},
  journal={arXiv e-prints},
  pages={arXiv--2004},
  year={2020}
}

@book{adams2003sobolev,
  title={Sobolev Spaces (Pure and applied mathematics; v. 140)},
  author={Adams, Robert A and Fournier, John JF},
  year={2003},
  publisher={Elsevier}
}

@inproceedings{glorot2010understanding,
  title={Understanding the difficulty of training deep feedforward neural networks},
  author={Glorot, Xavier and Bengio, Yoshua},
  booktitle={Proceedings of the thirteenth international conference on artificial intelligence and statistics},
  pages={249--256},
  year={2010},
  organization={JMLR Workshop and Conference Proceedings}
}

@inproceedings{he2015delving,
  title={Delving deep into rectifiers: Surpassing human-level performance on imagenet classification},
  author={He, Kaiming and Zhang, Xiangyu and Ren, Shaoqing and Sun, Jian},
  booktitle={Proceedings of the IEEE international conference on computer vision},
  pages={1026--1034},
  year={2015}
}
